DEFINITIONS:

@article{federer59curvature,
     jstor_articletype = {research-article},
     title = {Curvature Measures},
     author = {Federer, Herbert},
     journal = {Transactions of the American Mathematical Society},
     jstor_issuetitle = {},
     volume = {93},
     number = {3},
     jstor_formatteddate = {Dec., 1959},
     pages = {pp. 418-491},
     ISSN = {00029947},
     abstract = {},
     language = {English},
     year = {1959},
     publisher = {American Mathematical Society},
     copyright = {Copyright © 1959 American Mathematical Society},
    }

@incollection{blum67medialaxis,
  citeseer = {http://citeseer.nj.nec.com/context/77000/0},
  author = {Harry Blum},
  booktitle = {Models for the Perception of Speech and Visual Form},
  editor = {Weiant Wathen-Dunn},
  optstatus = {html doi abstract},
  localfile = {papers/Blum.1967.ATF.pdf},
  title = {{A} {T}ransformation for {E}xtracting {N}ew {D}escriptors of
           {S}hape},
  address = {Cambridge},
  publisher = {MIT Press},
  year = {1967},
  pages = {362--380},
}

@article{guibas85delaunay,
 author = {Guibas, Leonidas and Stolfi, Jorge},
 title = {Primitives for the manipulation of general subdivisions and the computation of Voronoi},
 journal = {ACM Trans. Graph.},
 volume = {4},
 issue = {2},
 month = {April},
 year = {1985},
 issn = {0730-0301},
 pages = {74--123},
 numpages = {50},
 acmid = {282923},
 publisher = {ACM},
 address = {New York, NY, USA},
 keywords = {Euler operators, Voronoi and Delaunay diagrams, closest point, computational topology, convex hull, geometric primitives, nearest neighbours, planar graphs, point location, representation of polynedra, trianglations},
}

@inproceedings{ruppert93lfs,
 author = {Ruppert, Jim},
 title = {A new and simple algorithm for quality 2-dimensional mesh generation},
 booktitle = {Proceedings of the fourth annual ACM-SIAM Symposium on Discrete algorithms},
 series = {SODA '93},
 year = {1993},
 isbn = {0-89871-313-7},
 location = {Austin, Texas, United States},
 pages = {83--92},
 numpages = {10},
 acmid = {313615},
 publisher = {Soc. for Industr. and Appl. Math.},
 address = {Philadelphia, PA, USA},
}

@article{levin1998approximation,
  title={The approximation power of moving least-squares},
  author={Levin, David},
  journal={Mathematics of Computation of the American Mathematical Society},
  volume={67},
  number={224},
  pages={1517--1531},
  year={1998}
}

@article{duarte2014smoothness,
  title={Smoothness of boundaries of regular sets},
  author={Duarte, Pedro and Torres, Maria Joana},
  journal={Journal of mathematical imaging and vision},
  pages={1--8},
  year={2014},
  publisher={Springer}
}

@article{duarte2015r,
  title={r-Regularity},
  author={Duarte, Pedro and Torres, Maria Joana},
  journal={Journal of Mathematical Imaging and Vision},
  volume={51},
  number={3},
  pages={451--464},
  year={2015},
  publisher={Kluwer Academic Publishers}
}


-------------------
BOOKS:

@book{dey2006curve,
  title={Curve and surface reconstruction: algorithms with mathematical analysis},
  author={Dey, Tamal K},
  volume={23},
  year={2006},
  publisher={Cambridge University Press}
}






-------------------
CURVE RECONSTRUCTION:

@inproceedings{jarvis1977computing,
  title={Computing the shape hull of points in the plane},
  author={Jarvis, RA},
  booktitle={Proceedings of the IEEE Computing Society Conference on Pattern Recognition and Image Processing},
  pages={231--241},
  year={1977},
  organization={New York}
}

@article{edelsbrunner83alpha,
 author = {Edelsbrunner, H. and Kirkpatrick, D. G. and Seidel, R.},
 title = {On the shape of a set of points in the plane},
 journal = {IEEE Trans. Inf. Theor.},
 year = {1983},
 volume = {IT-29},
 number = {4},
 pages = {551--559},
 }

@inproceedings{boissonat1984representing,
	title={Representing 2D and 3D shapes with the Delaunay triangulation},
	author={Boissonat, JD},
	booktitle={InSeventh International Conference on Pattern Recognition (ICPR’84)},
	year={1984}
}

@article{kirkpatrick85beta,
 author = {D G Kirkpatrick and J D Radke},
 title = {A framework for computational morphology},
 journal = {Computational Geometry},
 year = {1985},
 pages = {217--248},
 }

@article{o1987connect,
	title={Connect-the-dots: a new heuristic},
	author={O'Rourke, Joseph and Booth, Heather and Washington, Richard},
	journal={Computer Vision, Graphics, and Image Processing},
	volume={39},
	number={2},
	pages={258--266},
	year={1987},
	publisher={Elsevier}
}

@Unpublished{genoud90hamiltonian,
	author  = {Genoud, T.},
	details = {http://infoscience.epfl.ch/record/77057},
	note    = {Travail de semestre},
	title   = {Etude du caract\`ere hamiltonien de Delaunays al\'{e}atoires},
	unit    = {ROSO},
	year    = 1990
}

@article{veltkamp1992gamma,
	title={The $\gamma$-neighborhood graph},
	author={Veltkamp, Remco C},
	journal={Computational Geometry},
	volume={1},
	number={4},
	pages={227--246},
	year={1992},
	publisher={Elsevier}
}

@inproceedings{veltkamp19933d,
  title={3D computational morphology},
  author={Veltkamp, Remco C},
  booktitle={Computer Graphics Forum},
  volume={12},
  number={3},
  pages={115--127},
  year={1993},
  organization={Wiley Online Library}
}

@article{figueiredo94curve,
 author = {Figueiredo, L. H. de and Mirandas Gomes, J. de},
 title = {Computational morphology of curves},
 journal = {Vis. Comp.},
 year = {1994},
 volume = {11},
 number = {2},
 pages = {105--112},
 }

@article{bernardini1997sampling,
  title={Sampling and reconstructing manifolds using alpha-shapes},
  author={Bernardini, Fausto and Bajaj, Chandrajit L},
  year={1997}
}

@inproceedings{attali97regular,
    author = "Dominique Attali",
    title = " r-Regular Shape Reconstruction from Unorganized Points",
    booktitle = "Symp. on Computational Geometry",
    pages = "248-253",
    year = "1997",
}

@article{amenta98curve,
  author    = {N. Amenta and
               M. W. Bern and
               D. Eppstein},
  title     = {The Crust and the beta-Skeleton: Combinatorial Curve Reconstruction},
  journal   = {Graphical Models and Image Processing},
  volume    = {60},
  number    = {2},
  year      = {1998},
  pages     = {125-135},
  bibsource = {DBLP, http://dblp.uni-trier.de}
}

@inproceedings{edelsbrunner98reconstruction,
 author = {Edelsbrunner, Herbert},
 title = {Shape Reconstruction with Delaunay Complex},
 booktitle = {Proceedings of the Third Latin American Symposium on Theoretical Informatics},
 series = {LATIN '98},
 year = {1998},
 isbn = {3-540-64275-7},
 pages = {119--132},
 numpages = {14},
 publisher = {Springer-Verlag},
 address = {London, UK, UK},
}

@inproceedings{gold99anticrust,
 author = {Gold, Christopher},
 title = {Crust and anti-crust: a one-step boundary and skeleton extraction algorithm},
 booktitle = {Proc. of the 15th ann. Symp. on Computational geometry},
 series = {SCG '99},
 year = {1999},
 isbn = {1-58113-068-6},
 location = {Miami Beach, Florida, United States},
 pages = {189--196},
 numpages = {8},
 publisher = {ACM},
 address = {New York, NY, USA},
 keywords = {Voronoi diagram, crust, medial axis, skeleton},
}

@inproceedings{dey99curve,
 author = {Tamal K. Dey and Piyush Kumar},
 title = {A simple provable algorithm for curve reconstruction},
 booktitle = {Proc. 10th ACM-SIAM SODA '99},
 year = {1999},
 isbn = {0-89871-434-6},
 pages = {893--894},
 location = {Baltimore, Maryland, United States},
 }

@article{dey99conservative,
    author = {Tamal K. Dey and Kurt Mehlhorn and Edgar A. Ramos},
    title = {Curve Reconstruction: Connecting Dots with Good Reason},
    journal = {In Proc. 15th ACM Symp. Comp. Geom},
    year = {1999},
    volume = {15},
    pages = {229--244}
}

@inproceedings{giesen99delaunay,
 author = {Giesen, Joachim},
 title = {Curve Reconstruction in Arbitrary Dimension and the Traveling Salesman Problem},
 booktitle = {Proc. 8th DCGI '99},
 year = {1999},
 isbn = {3-540-65685-5},
 pages = {164--176},
 }

@article{arora1998polynomial,
	title={Polynomial time approximation schemes for Euclidean traveling salesman and other geometric problems},
	author={Arora, Sanjeev},
	journal={Journal of the ACM (JACM)},
	volume={45},
	number={5},
	pages={753--782},
	year={1998},
	publisher={ACM}
}

﻿@inproceedings{althaus00polynomial,
 author = {Althaus, Ernst and Mehlhorn, Kurt},
 title = {TSP-based curve reconstruction in polynomial time},
 booktitle = {SODA '00: Proceedings of the eleventh annual ACM-SIAM symposium on Discrete algorithms},
 year = {2000},
 isbn = {0-89871-453-2},
 pages = {686--695},
 location = {San Francisco, California, United States},
 publisher = {Soc. for Industr. and Appl. Math.},
 address = {Philadelphia, PA, USA},
 }

@techreport{hoos2009empirical,
	title={On the empirical scaling of run-time for finding optimal solutions to the traveling salesman problem},
	author={Hoos, Holger H and St{\"u}tzle, Thomas},
	year={2009},
	institution={Technical Report 17, University of British Columbia, Department of Computer Science}
}

@article{lee2000curve,
  title={Curve reconstruction from unorganized points},
  author={Lee, In-Kwon},
  journal={Computer aided geometric design},
  volume={17},
  number={2},
  pages={161--177},
  year={2000},
  publisher={Elsevier}
}

@INPROCEEDINGS{althaus00curve,
    author = {Ernst Althaus and Kurt Mehlhorn and Stefan Schirra},
    title = {Experiments on curve reconstruction},
    booktitle = {Proc. 2nd Workshop Algorithm Eng. Exper},
    year = {2000},
    pages = {103--114}
}

@PHDTHESIS{althaus01thesis,
AUTHOR = {Althaus, Ernst},
TITLE = {Curve Reconstruction and the Traveling Salesman Problem},
SCHOOL = {Universit{\"a}t des Saarlandes},
YEAR = {2001},
TYPE = {Doctoral dissertation}
}

@inproceedings{funke01curve,
 author = {Funke, Stefan and Ramos, Edgar A.},
 title = {Reconstructing a collection of curves with corners and endpoints},
 booktitle = {Proceedings of the twelfth annual ACM-SIAM symposium on Discrete algorithms},
 series = {SODA '01},
 year = {2001},
 isbn = {0-89871-490-7},
 location = {Washington, D.C., United States},
 pages = {344--353},
 numpages = {10},
 publisher = {Society for Industrial and Applied Math.},
 address = {Philadelphia, PA, USA},
}

@article{dey01corners,
title = "Reconstructing curves with sharp corners",
journal = "Computational Geometry",
volume = "19",
number = "2-3",
pages = "89 - 99",
year = "2001",
note = "",
issn = "0925-7721",
author = "Tamal K. Dey and Rephael Wenger"
}

@article{dey02gathang,
title = "Fast Reconstruction of Curves with Sharp Corners",
journal = "Int. J. Comp. Geom. Appl.",
volume = "12",
number = "5",
pages = "353 - 400",
year = "2002",
issn = "0218-1959",
author = "T. K. Dey and R. Wenger"
}

@article{cheng2005curve,
  title={Curve reconstruction from noisy samples},
  author={Cheng, Siu-Wing and Funke, Stefan and Golin, Mordecai and Kumar, Piyush and Poon, Sheung-Hung and Ramos, Edgar},
  journal={Computational Geometry},
  volume={31},
  number={1-2},
  pages={63--100},
  year={2005},
  publisher={Elsevier}
}

@article{dey2006provable,
  title={Provable surface reconstruction from noisy samples},
  author={Dey, Tamal K and Goswami, Samrat},
  journal={Computational Geometry},
  volume={35},
  number={1-2},
  pages={124--141},
  year={2006},
  publisher={Elsevier}
}

@InProceedings{lenz06curve,
  author = { Tobias Lenz },
  title = { How to Sample and Reconstruct Curves With Unusual Features },
  booktitle = { Proceedings of the 22nd European Workshop on Computational Geometry (EWCG) },
  year = { 2006 },
  month = { March },
  address = { Delphi, Greece },
}

@article{zeng08distance,
 author = {Yong Zeng and Thanh An Nguyen and Baiquan Yan and Shuren Li},
 title = {A distance-based parameter free algorithm for curve reconstruction},
 journal = {Comput. Aided Des.},
 volume = {40},
 number = {2},
 year = {2008},
 issn = {0010-4485},
 pages = {210--222},
 publisher = {Butterworth-Heinemann},
 address = {Newton, MA, USA},
 }

@article{nguyen08vicur,
title = "VICUR: A human-vision-based algorithm for curve reconstruction",
journal = "Robotics and Computer-Integrated Manufacturing",
volume = "24",
number = "6",
pages = "824 - 834",
year = "2008",
note = "FAIM 2007, 17th International Conference on Flexible Automation and Intelligent Manufacturing",
issn = "0736-5845",
author = "Thanh An Nguyen and Yong Zeng",
keywords = "Curve reconstruction",
keywords = "Human vision system",
keywords = "Proximity",
keywords = "Continuation",
keywords = "Gestalt law"
}

@article{hiyoshi09optimize,
 author = {Hiyoshi, Hisamoto},
 title = {Optimization-based approach for curve and surface reconstruction},
 journal = {Comput. Aided Des.},
 volume = {41},
 issue = {5},
 month = {May},
 year = {2009},
 issn = {0010-4485},
 pages = {366--374},
 numpages = {9},
 doi = {10.1016/j.cad.2008.08.009},
 acmid = {1539726},
 publisher = {Butterworth-Heinemann},
 address = {Newton, MA, USA},
 keywords = {Curve reconstruction, Delaunay triangulation, Optimization, Surface reconstruction},
}

@article{mehra2010visibility,
  title={Visibility of noisy point cloud data},
  author={Mehra, Ravish and Tripathi, Pushkar and Sheffer, Alla and Mitra, Niloy J},
  journal={Computers \& Graphics},
  volume={34},
  number={3},
  pages={219--230},
  year={2010},
  publisher={Elsevier}
}

@article{song2010boundary,
  title={Boundary fitting for 2D curve reconstruction},
  author={Song, Yuqing},
  journal={The Visual Computer},
  volume={26},
  number={3},
  pages={187--204},
  year={2010},
  publisher={Springer}
}

@inproceedings{degoes2011optimal,
  title={An optimal transport approach to robust reconstruction and simplification of 2d shapes},
  author={De Goes, Fernando and Cohen-Steiner, David and Alliez, Pierre and Desbrun, Mathieu},
  booktitle={Computer Graphics Forum},
  volume={30},
  number={5},
  pages={1593--1602},
  year={2011},
  organization={Wiley Online Library}
}

@article{ohrhallinger11operations,
  author    = {Stefan Ohrhallinger and
               Sudhir P. Mudur},
  title     = {Interpolating an unorganized 2D point cloud with a single closed shape},
  journal   = {Computer-Aided Design},
  volume    = {43},
  number    = {12},
  year      = {2011},
  pages     = {1629-1638},
  ee        = {http://dx.doi.org/10.1016/j.cad.2011.09.009},
  bibsource = {DBLP, http://dblp.uni-trier.de}
}

@inproceedings{ohrhallinger13connect2d,
  title={An efficient algorithm for determining an aesthetic shape connecting unorganized 2d points},
  author={Ohrhallinger, Stefan and Mudur, Sudhir},
  booktitle={Comp. Graph. Forum},
  volume={32},
  number={8},
  pages={72--88},
  year={2013},
  organization={Wiley Online Library}
}

@article{ohrhallinger13minimizing,
  title={Minimizing edge length to connect sparsely sampled unstructured point sets},
  author={Ohrhallinger, Stefan and Mudur, Sudhir and Wimmer, Michael},
  journal={Computers \& Graphics},
  year={2013},
  publisher={Elsevier}
}

@inproceedings{rupniewski2014curve,
  title={Curve Reconstruction from Noisy and Unordered Samples},
  author={Rupniewski, Marek Wojciech},
  booktitle={3rd International Conference on Pattern Recognition Applications and Methods},
  year={2014},
  organization={SciTePress}
}

@Article{loffler14puzzles,
  author =       "Maarten L{\"o}ffler and Mira Kaiser and Tim van Kapel
                 and Gerwin Klappe and Marc van Kreveld and Frank
                 Staals",
  title =        "The {Connect-The-Dots} family of puzzles: design and
                 automatic generation",
  volume =       "33",
  number =       "4",
  pages =        "72:1--72:10",
  month =        jul,
  year =         "2014",
  CODEN =        "ATGRDF",
  ISSN =         "0730-0301 (print), 1557-7368 (electronic)",
  ISSN-L =       "0730-0301",
  articleno =    "72",
  journal =     "ACM Transactions on Graphics",
}

@article{wang2014robust,
  title={Robust reconstruction of 2D curves from scattered noisy point data},
  author={Wang, Jun and Yu, Zeyun and Zhang, Weizhong and Wei, Mingqiang and Tan, Changbai and Dai, Ning and Zhang, Xi},
  journal={Computer-Aided Design},
  volume={50},
  pages={27--40},
  year={2014},
  publisher={Elsevier}
}

@inproceedings{parakkat2016crawl,
  title={Crawl through Neighbors: A Simple Curve Reconstruction Algorithm},
  author={Parakkat, Amal Dev and Muthuganapathy, Ramanathan},
  booktitle={Computer Graphics Forum},
  volume={35},
  number={5},
  pages={177--186},
  year={2016},
  organization={Wiley Onl. Library}
}

@inproceedings{ohrhallinger2016hnn,
  title={Curve Reconstruction with Many Fewer Samples},
  author={Ohrhallinger, Stefan and Mitchell, Scott A and Wimmer, Michael},
  booktitle={Computer Graphics Forum},
  volume={35},
  number={5},
  pages={167--176},
  year={2016},
  organization={Wiley Online Library}
}

@inproceedings{ohrhallinger2018fitconnect,
  title={FitConnect: Connecting Noisy 2D Samples by Fitted Neighbourhoods},
  author={Ohrhallinger, S and Wimmer, M},
  booktitle={Computer Graphics Forum},
  organization={Wiley Online Library},
  year={2018}
}

@inproceedings{ohrhallinger2018stretchdenoise,
  title={StretchDenoise: Parametric Curve Reconstruction with Guarantees by Separating Connectivity from Residual Uncertainty of Samples},
  author={Ohrhallinger, S and Wimmer, M},
  booktitle={Pacific Graphics},
  organization={Wiley Online Library},
  year={2018, accepted as short paper}
}

@article{parakkat2018peeling,
title = "Peeling the longest: A simple generalized curve reconstruction algorithm",
journal = "Computers \& Graphics",
volume = "74",
pages = "191 - 201",
year = "2018",
issn = "0097-8493",
doi = "https://doi.org/10.1016/j.cag.2018.05.015",
url = "http://www.sciencedirect.com/science/article/pii/S0097849318300803",
author = "Amal Dev Parakkat and Subhasree Methirumangalath and Ramanathan Muthuganapathy",
keywords = "Curve reconstruction, Delaunay triangulation, Noise simplification, Self-intersection"
}


@article{doi:10.1111/cgf.13589,
author = {Peethambaran, J. and Parakkat, A.D. and Tagliasacchi, A. and Wang, R. and Muthuganapathy, R.},
title = {Incremental Labelling of Voronoi Vertices for Shape Reconstruction},
journal = {Computer Graphics Forum},
volume = {0},
number = {0},
pages = {},
keywords = {curves and surfaces, modelling, computational geometry, geometric modelling, •Computing methodologies → Computer graphics; Shape analysis; •Theory of computation → Computational geometry},
doi = {10.1111/cgf.13589},
url = {https://onlinelibrary.wiley.com/doi/abs/10.1111/cgf.13589},
eprint = {https://onlinelibrary.wiley.com/doi/pdf/10.1111/cgf.13589},}



-----------
OTHER:

@inproceedings{o1981polyhedra,
	title={Polyhedra of Minimal Area as 3D Object Models.},
	author={O'Rourke, Joseph},
	booktitle={IJCAI},
	pages={664--666},
	year={1981},
	organization={Citeseer}
}

@article{boissonnat1984geometric,
  title={Geometric structures for three-dimensional shape representation},
  author={Boissonnat, Jean-Daniel},
  journal={ACM Transactions on Graphics (TOG)},
  volume={3},
  number={4},
  pages={266--286},
  year={1984},
  publisher={ACM}
}

@article{edelsbrunner1994three,
  title={Three-dimensional alpha shapes},
  author={Edelsbrunner, Herbert and M{\"u}cke, Ernst P},
  journal={ACM Transactions on Graphics (TOG)},
  volume={13},
  number={1},
  pages={43--72},
  year={1994},
  publisher={ACM}
}

@article{shao96curve,
  title={Curve fitting with Bezier cubics},
  author={Shao, Lejun and Zhou, Hao},
  journal={Graphical models and image processing},
  volume={58},
  number={3},
  pages={223--232},
  year={1996},
  publisher={Elsevier}
}

@article{bernardini1999ball,
	title={The ball-pivoting algorithm for surface reconstruction},
	author={Bernardini, Fausto and Mittleman, Joshua and Rushmeier, Holly and Silva, Cl{\'a}udio and Taubin, Gabriel},
	journal={IEEE transactions on visualization and computer graphics},
	volume={5},
	number={4},
	pages={349--359},
	year={1999},
	publisher={IEEE}
}

@article{chernov2005least,
  title={Least squares fitting of circles},
  author={Chernov, Nikolai and Lesort, Claire},
  journal={Journal of Mathematical Imaging and Vision},
  volume={23},
  number={3},
  pages={239--252},
  year={2005},
  publisher={Springer}
}

@inproceedings{dey06noisy,
 author = {Dey, Tamal K. and Sun, Jian},
 title = {Normal and feature approximations from noisy point clouds},
 booktitle = {Proceedings of the 26th int'l. conference on Foundations of Software Technology and Theoretical Computer Science},
 series = {FSTTCS'06},
 year = {2006},
 isbn = {3-540-49994-6, 978-3-540-49994-7},
 location = {Kolkata, India},
 pages = {21--32},
 numpages = {12},
 publisher = {Springer-Verlag},
 address = {Berlin, Heidelberg},
}

@inproceedings{guennebaud2007algebraic,
  title={Algebraic point set surfaces},
  author={Guennebaud, Ga{\"e}l and Gross, Markus},
  booktitle={ACM Transactions on Graphics (TOG)},
  volume={26},
  number={3},
  pages={23},
  year={2007},
  organization={ACM}
}

@inproceedings{alliez2007voronoi,
  title={Voronoi-based variational reconstruction of unoriented point sets},
  author={Alliez, Pierre and Cohen-Steiner, David and Tong, Yiying and Desbrun, Mathieu},
  booktitle={Symposium on Geometry processing},
  volume={7},
  pages={39--48},
  year={2007}
}

@article{aichholzer09medialaxis,
title = "Medial axis computation for planar free-form shapes ",
journal = "Computer-Aided Design ",
volume = "41",
number = "5",
pages = "339 - 349",
year = "2009",
note = "Voronoi Diagrams and their Applications",
issn = "0010-4485",
author = "O. Aichholzer and W. Aigner and F. Aurenhammer and T. Hackl and B. J{\"u}ttler and M. Rabl",
}

@incollection{attali09medialaxis,
  title={Stability and computation of medial axes-a state-of-the-art report},
  author={Attali, Dominique and Boissonnat, Jean-Daniel and Edelsbrunner, Herbert},
  booktitle={Mathematical foundations of scientific visualization, computer graphics, and massive data exploration},
  pages={109--125},
  year={2009},
  publisher={Springer}
}

@inproceedings{amenta1998new,
	title={A new Voronoi-based surface reconstruction algorithm},
	author={Amenta, Nina and Bern, Marshall and Kamvysselis, Manolis},
	booktitle={Proceedings of the 25th annual conference on Computer graphics and interactive techniques},
	pages={415--421},
	year={1998},
	organization={ACM}
}

@inproceedings{amenta2000simple,
	title={A simple algorithm for homeomorphic surface reconstruction},
	author={Amenta, Nina and Choi, Sunghee and Dey, Tamal K and Leekha, Naveen},
	booktitle={Proceedings of the sixteenth annual symposium on Computational geometry},
	pages={213--222},
	year={2000},
	organization={ACM}
}

@article{niyogi2008finding,
	title={Finding the homology of submanifolds with high confidence from random samples},
	author={Niyogi, Partha and Smale, Stephen and Weinberger, Shmuel},
	journal={Discrete \& Computational Geometry},
	volume={39},
	number={1-3},
	pages={419--441},
	year={2008},
	publisher={Springer}
}

@inproceedings{stelldinger2008topologically,
  title={Topologically correct surface reconstruction using alpha shapes and relations to ball-pivoting},
  author={Stelldinger, Peer},
  booktitle={Pattern Recognition, 2008. ICPR 2008. 19th Int'l Conference on},
  pages={1--4},
  year={2008},
  organization={IEEE}
}

@article{stelldinger2009provably,
  title={Provably correct reconstruction of surfaces from sparse noisy samples},
  author={Stelldinger, Peer and Tcherniavski, Leonid},
  journal={Pattern Recognition},
  volume={42},
  number={8},
  pages={1650--1659},
  year={2009},
  publisher={Elsevier}
}

@article{al2009error,
  title={Error analysis for circle fitting algorithms},
  author={Al-Sharadqah, Ali and Chernov, Nikolai and others},
  journal={Electronic Journal of Statistics},
  volume={3},
  pages={886--911},
  year={2009},
  publisher={The Institute of Mathematical Statistics and the Bernoulli Society}
}

@article{feiszli2011curve,
  title={Curve denoising by multiscale singularity detection and geometric shrinkage},
  author={Feiszli, Matt and Jones, Peter W},
  journal={Applied and Computational Harmonic Analysis},
  volume={31},
  number={3},
  pages={392--409},
  year={2011},
  publisher={Elsevier}
}

@inproceedings{birkas2016mobile,
  title={A Mobile System for Scene Monitoring and Object Retrieval},
  author={Birkas, D and Birkas, K and Popa, T},
  booktitle={Proceedings of the 29th International Conference on Computer Animation and Social Agents},
  pages={83--88},
  year={2016},
  organization={ACM}
}

@article{kazhdan2013screened,
  title={Screened poisson surface reconstruction},
  author={Kazhdan, Michael and Hoppe, Hugues},
  journal={ACM Transactions on Graphics (TOG)},
  volume={32},
  number={3},
  pages={29},
  year={2013},
  publisher={ACM}
}

@inproceedings{khanna2014survey,
  title={Survey of Curve and Surface Reconstruction Algorithms from a Set of Unorganized Points},
  author={Khanna, Kavita and Rajpal, Navin},
  booktitle={Proceedings of the Third International Conference on Soft Computing for Problem Solving},
  pages={451--458},
  year={2014},
  organization={Springer}
}

%---------------------------------------------------------------------------------------------------
BOUNDARY FITTING:

@ARTICLE{5732742,
author={Gheibi, A. and Davoodi, M. and Javad, A. and Panahi, F. and Aghdam, M.M. and Asgaripour, M. and Mohades, A.},
journal={Computer Vision, IET},
title={Polygonal shape reconstruction in the plane},
year={2011},
month={March },
volume={5},
number={2},
pages={97 -106},
keywords={boundary sample;convex hull;dot pattern;hybrid selection criterion;plane;polygonal shape reconstruction;simple-shape algorithm;visual perception;computational geometry;image reconstruction;shape recognition;visual perception;},
doi={10.1049/iet-cvi.2009.0079},
ISSN={1751-9632},}

@article{DUCKHAM20083224,
title = "Efficient generation of simple polygons for characterizing the shape of a set of points in the plane",
journal = "Pattern Recognition",
volume = "41",
number = "10",
pages = "3224 - 3236",
year = "2008",
issn = "0031-3203",
doi = "https://doi.org/10.1016/j.patcog.2008.03.023",
url = "http://www.sciencedirect.com/science/article/pii/S0031320308001180",
author = "Matt Duckham and Lars Kulik and Mike Worboys and Antony Galton",
keywords = "Convex hull, Alpha shape, Shape analysis, Cartography, GIS"
}

@article{MELKEMI20001423,
title = "Computing the shape of a planar points set",
journal = "Pattern Recognition",
volume = "33",
number = "9",
pages = "1423 - 1436",
year = "2000",
issn = "0031-3203",
doi = "https://doi.org/10.1016/S0031-3203(99)00124-7",
url = "http://www.sciencedirect.com/science/article/pii/S0031320399001247",
author = "Mahmoud Melkemi and Mourad Djebali",
keywords = "Pattern recognition, Computational geometry, Shape hull, Voronoi diagram"
}

@article{PEETHAMBARAN2015164,
title = "A non-parametric approach to shape reconstruction from planar point sets through Delaunay filtering",
journal = "Computer-Aided Design",
volume = "62",
pages = "164 - 175",
year = "2015",
issn = "0010-4485",
doi = "https://doi.org/10.1016/j.cad.2014.12.002",
url = "http://www.sciencedirect.com/science/article/pii/S0010448514002851",
author = "Jiju Peethambaran and Ramanathan Muthuganapathy",
keywords = "Shape reconstruction, Delaunay triangulation, Hole detection, Relaxed Gabriel graph, -shape, -shape"
}

@article{METHIRUMANGALATH201590,
title = "A unified approach towards reconstruction of a planar point set",
journal = "Computers \& Graphics",
volume = "51",
pages = "90 - 97",
year = "2015",
note = "International Conference Shape Modeling International",
issn = "0097-8493",
doi = "https://doi.org/10.1016/j.cag.2015.05.025",
url = "http://www.sciencedirect.com/science/article/pii/S0097849315000722",
author = "Subhasree Methirumangalath and Amal Dev Parakkat and Ramanathan Muthuganapathy",
keywords = "Delaunay Triangulation, Reconstruction, Dot pattern, Boundary sample"
}


@article{METHIRUMANGALATH2017124,
title = "Hole detection in a planar point set: An empty disk approach",
journal = "Computers \& Graphics",
volume = "66",
pages = "124 - 134",
year = "2017",
note = "Shape Modeling International 2017",
issn = "0097-8493",
doi = "https://doi.org/10.1016/j.cag.2017.05.006",
url = "http://www.sciencedirect.com/science/article/pii/S0097849317300559",
author = "Subhasree Methirumangalath and Shyam Sundar Kannan and Amal Dev Parakkat and Ramanathan Muthuganapathy",
keywords = "Hole detection, Shape reconstruction, Island detection, Delaunay triangulation, Non-parametric, Planar point set"
}

@article{ZHU2017178,
title = "A density based algorithm to detect cavities and holes from planar points",
journal = "Computers \& Geosciences",
volume = "109",
pages = "178 - 193",
year = "2017",
issn = "0098-3004",
doi = "https://doi.org/10.1016/j.cageo.2017.08.008",
url = "http://www.sciencedirect.com/science/article/pii/S0098300416308615",
author = "Jie Zhu and Yizhong Sun and Yueyong Pang",
keywords = "Cavity and hole, Shape reconstruction, Delaunay triangulation, Planar point, GIS"
}

@inproceedings{Chevallier:2011:BNP:1998196.1998278,
 author = {Chevallier, Nicolas and Maillot, Yvan},
 title = {Boundary of a Non-uniform Point Cloud for Reconstruction: Extended Abstract},
 booktitle = {Proceedings of the Twenty-seventh Annual Symposium on Computational Geometry},
 series = {SoCG '11},
 year = {2011},
 isbn = {978-1-4503-0682-9},
 location = {Paris, France},
 pages = {510--518},
 numpages = {9},
 url = {http://doi.acm.org/10.1145/1998196.1998278},
 doi = {10.1145/1998196.1998278},
 acmid = {1998278},
 publisher = {ACM},
 address = {New York, NY, USA},
 keywords = {delaunay filtration, point cloud boundary, reconstruction with guarantees, sampling},
}

@InProceedings{10.1007/11863939_6,
author="Galton, Antony
and Duckham, Matt",
editor="Raubal, Martin
and Miller, Harvey J.
and Frank, Andrew U.
and Goodchild, Michael F.",
title="What Is the Region Occupied by a Set of Points?",
booktitle="Geographic Information Science",
year="2006",
publisher="Springer Berlin Heidelberg",
address="Berlin, Heidelberg",
pages="81--98",
abstract="There are many situations in GIScience where it would be useful to be able to assign a region to characterize the space occupied by a set of points. Such a region should represent the location or configuration of the points as an aggregate, abstracting away from the individual points themselves. In this paper, we call such a region a `footprint' for the points. We investigate and compare a number of methods for producing such footprints, with respect to nine general criteria. The discussion identifies a number of potential choices and avenues for further research. Finally, we contrast the related research already conducted in this area, highlighting differences between these existing constructs and our `footprints'.",
isbn="978-3-540-44528-9"
}


@inproceedings{Funke:2006:HDM:1137856.1137911,
 author = {Funke, Stefan and Klein, Christian},
 title = {Hole Detection or: "How Much Geometry Hides in Connectivity?"},
 booktitle = {Proceedings of the Twenty-second Annual Symposium on Computational Geometry},
 series = {SCG '06},
 year = {2006},
 isbn = {1-59593-340-9},
 location = {Sedona, Arizona, USA},
 pages = {377--385},
 numpages = {9},
 url = {http://doi.acm.org/10.1145/1137856.1137911},
 doi = {10.1145/1137856.1137911},
 acmid = {1137911},
 publisher = {ACM},
 address = {New York, NY, USA},
 keywords = {embedding, graph theory, routing, topology, virtual coordinates},
}

@InProceedings{10.1007/BFb0054315,
author="Edelsbrunner, Herbert",
editor="Lucchesi, Cl{\'a}udio L.
and Moura, Arnaldo V.",
title="Shape reconstruction with Delaunay complex",
booktitle="LATIN'98: Theoretical Informatics",
year="1998",
publisher="Springer Berlin Heidelberg",
address="Berlin, Heidelberg",
pages="119--132",
abstract="The reconstruction of a shape or surface from a finite set of points is a practically significant and theoretically challenging problem. This paper presents a unified view of algorithmic solutions proposed in the computer science literature that are based on the Delaunay complex of the points.",
isbn="978-3-540-69715-2"
}

@article{KRASNOSHCHEKOV201476,
title = "Order-k α-hulls and α-shapes",
journal = "Information Processing Letters",
volume = "114",
number = "1",
pages = "76 - 83",
year = "2014",
issn = "0020-0190",
doi = "https://doi.org/10.1016/j.ipl.2013.07.023",
url = "http://www.sciencedirect.com/science/article/pii/S0020019013002123",
author = "Dmitry Krasnoshchekov and Valentin Polishchuk",
}

%-----------------------------------------------------------------------------------------
2D VERSIONS OF SURFACE RECON.

@article{PEETHAMBARAN201562,
title = "Reconstruction of water-tight surfaces through Delaunay sculpting",
journal = "Computer-Aided Design",
volume = "58",
pages = "62 - 72",
year = "2015",
note = "Solid and Physical Modeling 2014",
issn = "0010-4485",
doi = "https://doi.org/10.1016/j.cad.2014.08.021",
url = "http://www.sciencedirect.com/science/article/pii/S0010448514001900",
author = "Jiju Peethambaran and Ramanathan Muthuganapathy",
keywords = "Point sets, Surface reconstruction, Shape reconstruction, Delaunay triangulation, 3D modeling"
}


%-----------------------------------------------------------------------------------------
URLS:

@misc{url:connect2d,
title={An efficient algorithm for determining an aesthetic shape connecting unorganized 2d points},
author={Stefan Ohrhallinger},
howpublished="\url{https://sourceforge.net/projects/connect2dlib/}",
year={2013},
note = "[Online; accessed 12-September-2018]"
}

@misc{url:hnn-crust,
title={Half-nearest Neighbor Crust},
author={Stefan Ohrhallinger},
howpublished="\url{https://github.com/stefango74/hnn-crust-sgp16}",
year={2016},
note = "[Online; accessed 12-September-2018]"
}

@misc{url:fitconnect,
title={FitConnect},
author={Stefan Ohrhallinger},
howpublished="\url{https://github.com/stefango74/fitconnect}",
year={2018},
note = "[Online; accessed 12-September-2018]"
}

@misc{url:stretchdenoise,
title={StretchDenoise},
author={Stefan Ohrhallinger},
howpublished="\url{https://github.com/stefango74/stretchdenoise}",
year={2018},
note = "[Online; accessed 12-September-2018]"
}

@misc{url:crawl,
title={Crawl through Neighbors},
author={Amal Dev Parakkat},
howpublished="\url{https://github.com/reproducibilitystamp/Crawl_through_Neighbors}",
year={2016},
note = "[Online; accessed 12-September-2018]"
}

@misc{url:peeling,
title={Peeling the Longest},
author={Amal Dev Parakkat},
howpublished="\url{https://github.com/amaldevp/Peeling_the_Longest}",
year={2018},
note = "[Online; accessed 12-September-2018]"
}

@misc{url:VICUR-DISCUR,
title={VICUR and DISCUR},
author={An Nguyen},
howpublished="\url{https://github.com/an-ng/VICUR}",
year={2008},
note = "[Online; accessed 12-September-2018]"
}

@misc{url:concorde,
	title={Concorde TSP Solver},
	author={D. Applegate, R. Bixby, V. Chvatal, W. Cook},
	howpublished="\url{http://www.math.uwaterloo.ca/tsp/concorde.html}",
	note = "[Online; accessed 12-September-2018]"
}

@misc{url:optimaltransport,
	title={Optimal transportation reconstruction},
	author={Pierre Alliez, David Cohen-Steiner, Fernando deGoes, Clement Jamin and Ivo Vigan},
	publisher={CGAL Editorial Board},
	edition={4.13},
	booktitle={CGAL User and Reference Manual},
	url={https://doc.cgal.org/latest/Optimal_transportation_reconstruction_2/index.html},
	year=2018
}

@article{berger2013benchmark,
  title={A benchmark for surface reconstruction},
  author={Berger, Matthew and Levine, Joshua A and Nonato, Luis Gustavo and Taubin, Gabriel and Silva, Claudio T},
  journal={ACM Transactions on Graphics (TOG)},
  volume={32},
  number={2},
  pages={20},
  year={2013},
  publisher={ACM}
}

%delete
@article{Tang:2018:RCS:3272127.3275096,
 author = {Tang, Danhang and Dou, Mingsong and Lincoln, Peter and Davidson, Philip and Guo, Kaiwen and Taylor, Jonathan and Fanello, Sean and Keskin, Cem and Kowdle, Adarsh and Bouaziz, Sofien and Izadi, Shahram and Tagliasacchi, Andrea},
 title = {Real-time Compression and Streaming of 4D Performances},
 journal = {ACM Trans. Graph.},
 issue_date = {November 2018},
 volume = {37},
 number = {6},
 month = dec,
 year = {2018},
 issn = {0730-0301},
 pages = {256:1--256:11},
 articleno = {256},
 numpages = {11},
 url = {http://doi.acm.org/10.1145/3272127.3275096},
 doi = {10.1145/3272127.3275096},
 acmid = {3275096},
 publisher = {ACM},
 address = {New York, NY, USA},
 keywords = {4D compression, free viewpoint video},
}

@article{DBLP:journals/corr/abs-1801-10342,
  author    = {Xiaotong Lu and
               Weisheng Dong and
               Peiyao Wang and
               Guangming Shi and
               Xuemei Xie},
  title     = {ConvCSNet: {A} Convolutional Compressive Sensing Framework Based on
               Deep Learning},
  journal   = {CoRR},
  volume    = {abs/1801.10342},
  year      = {2018},
  url       = {http://arxiv.org/abs/1801.10342},
  archivePrefix = {arXiv},
  eprint    = {1801.10342},
  timestamp = {Mon, 13 Aug 2018 16:47:36 +0200},
  biburl    = {https://dblp.org/rec/bib/journals/corr/abs-1801-10342},
  bibsource = {dblp computer science bibliography, https://dblp.org}
}

@inproceedings{DBLP:conf/icip/CuiJGTZ18,
  author    = {Wenxue Cui and
               Feng Jiang and
               Xinwei Gao and
               Wen Tao and
               Debin Zhao},
  title     = {Deep Neural Network Based Sparse Measurement Matrix for Image Compressed
               Sensing},
  booktitle = {2018 {IEEE} International Conference on Image Processing, {ICIP} 2018,
               Athens, Greece, October 7-10, 2018},
  pages     = {3883--3887},
  year      = {2018},
  crossref  = {DBLP:conf/icip/2018},
  url       = {https://doi.org/10.1109/ICIP.2018.8451841},
  doi       = {10.1109/ICIP.2018.8451841},
  timestamp = {Wed, 03 Apr 2019 17:18:36 +0200},
  biburl    = {https://dblp.org/rec/bib/conf/icip/CuiJGTZ18},
  bibsource = {dblp computer science bibliography, https://dblp.org}
}

@Article{Kutulakos2000,
author="Kutulakos, Kiriakos N.
and Seitz, Steven M.",
title="A Theory of Shape by Space Carving",
journal="International Journal of Computer Vision",
year="2000",
month="Jul",
day="01",
volume="38",
number="3",
pages="199--218",
issn="1573-1405",
doi="10.1023/A:1008191222954",
url="https://doi.org/10.1023/A:1008191222954"
}
%-------------------------------------------------------------------------------------
APPLICATIONS:

@inproceedings{ahlvers2005model,
  title={Model-free face detection and head tracking with morphological hole mapping},
  author={Ahlvers, Udo and Rajagopalan, Ruben and Z{\"o}lzer, Udo},
  booktitle={2005 13th European Signal Processing Conference},
  pages={1--4},
  year={2005},
  organization={IEEE}

%-----------------------------------------------------------------------------------
PROXIMITY:
@ARTICLE{RNG,
author={Jaromczyk, J.W. and Toussaint, G.T.},
journal={Proceedings of the IEEE},
title={Relative neighborhood graphs and their relatives},
year={1992},
month={sep},
volume={80},
number={9},
pages={1502 -1517},
keywords={Application software;Bibliographies;Biology computing;Computational geometry;Computer applications;Computer science;Computer vision;Morphology;Pattern analysis;Shape;computational geometry;computer vision;pattern recognition;spatial data structures;visual databases;computational morphology;computer vision;databases;neighborhood graphs;pattern classification;spatial analysis;},
doi={10.1109/5.163414},
ISSN={0018-9219},}

@ARTICLE{Toussaint,
author={Toussaint, G.T.},
journal={Computational Morphology},
title={A Graph-theoretical Primal Sketch},
year={1988},
month={},
volume={},
number={},
pages={229--260},
publisher={Elsevier}
}
